2362 4058
72 162 202 277 usque
232 132 280 221 ad
309 140 362 220 A·
394 156 491 245 274.
516 134 586 222 sub
602 82 779 251 Imperio
790 144 986 229 Romano.
1049 148 1115 255 62·

542 334 573 425 §-
599 363 649 439 73·

167 502 369 583 Aurelianus
394 530 447 578 xen
468 508 571 579 Dacia
596 500 729 605 Ripenli
769 510 939 597 oriundus,
959 514 1131 613 impera·

81 628 126 683 tor
145 610 265 691 fadus,
286 608 362 677 hinc
386 604 462 677 inde
485 604 615 678 Gothos
648 636 738 680 arma
759 608 958 686 resumentes
992 612 1099 711 perse·

83 730 160 782 entus
183 707 243 791 est,
268 728 299 778 et
320 713 404 777 inter
418 710 493 778 alias
518 704 557 776 ab
589 705 706 779 iisdem
728 730 907 807 reportatas
933 716 1098 797 uidloriar⁹

82 812 200 885 Ducem
235 804 420 883 eortmdem
453 802 649 887 Canabaua's
672 834 749 881 cnm
779 836 872 903 5000
911 815 1101 899 hominnm,

83 928 157 983 traua
176 906 378 987 Danubium,
400 902 464 977 five
482 912 516 976 in
541 907 653 987 Dacia,
686 913 861 979 interemit.
911 915 995 983 Alite
1018 941 1099 987 vero

85 1006 184 1107 possea
205 1009 298 1080 bellis
316 1002 492 1088 distractus,
513 1016 600 1086 enin,
624 1002 748 1077 vastatis
775 1006 936 1080 Moefia&
968 1017 1102 1105 Illyrico

87 1102 313 1209 ingravescente
338 1104 554 1181 Barbarortnn
577 1102 794 1188 multitudine,
819 1109 958 1179 Daciam
987 1120 1104 1183 retine·

88 1214 110 1280 ri
126 1202 211 1307 posse
235 1198 430 1301 desperaret,
452 1197 577 1275 sublato
596 1228 637 1274 ex
659 1202 775 1276 eadem
798 1211 941 1277 exercitu
961 1206 1098 1281 eduliis·

91 1334 143 1407 que
164 1304 429 1385 Provinciatibue
461 1304 616 1375 Romana
662 1296 781 1375 scilieet
812 1302 931 1402 stirpe·
944 1307 1102 1392 oriundis,

93 1406 148 1481 Ad.
169 1428 248 1497 274.
274 1408 366 1476 illam
391 1401 573 1500 dereliquit.
608 1399 774 1475 Abdudlos
802 1410 885 1477 vero
908 1431 949 1476 ex
972 1407 1064 1477 urbib
1172 1388 1178 1413 ¹

95 1506 216 1607 &agria
234 1506 364 1575 Dacieis
395 1504 591 1582 Romanos,
627 1508 661 1574 in
680 1500 789 1575 media
816 1503 1070 1590 Moefiacolloc

94 1610 146 1687 uit,
165 1608 396 1701 appellavitque
422 1626 498 1671 eam
519 1594 681 1683 Damam,
708 1600 784 1673 duas
810 1601 940 1675 Moefias
967 1601 1087 1679 inferio

38 1772 40 1781 ,
95 1726 152 1775 tem
165 1708 199 1775 ἃ
214 1696 420 1799 ‘superiorem
432 1726 437 1735 ’
447 1696 646 1772 dividentem
660 1746 680 1782 ‚.
695 1704 916 1773 Attrelianam.
946 1704 1019 1775 Vid.
1035 1708 1064 1781 E

38 1790 40 1801 ¹
96 1817 166 1904 trop.
188 1800 255 1877 Lib.
278 1804 338 1874 nt.
365 1805 439 1899 Cap.
463 1826 494 1896 9.
529 1801 565 1868 ὅ(
593 1795 751 1900 Vopiscus
775 1807 810 1874 in
832 1803 1021 1877 Aureliano.
1161 1882 1165 1891 ,

528 1986 562 2079 l·
587 2009 646 2086 74·
1106 1950 1180 2075 ul.

38 2102 42 2155 t
454 2106 457 2115 ·
1082 2062 1176 2199 'ft

38 2214 42 2265 t
177 2189 241 2263 Hie
264 2188 340 2263 finis
361 2186 425 2264 snit
448 2193 584 2286 imperii
607 2188 844 2259 Romanorum
871 2190 904 2257 in
914 2187 1016 2258 Dacia
1041 2212 1101 2287 pet
1116 2164 1146 2265 {l

92 2286 257 2383 Traianum
276 2296 360 2362 olim
384 2286 522 2367 stabiliti,
545 2295 695 2386 variaque
716 2282 773 2359 sub
797 2281 1033 2360 Suecefforibus
1055 2297 1100 2361 vi·
1125 2292 1136 2351 t'
1146 2362 1149 2367 ,

38 2412 41 2477 3
93 2385 268 2469 ciffinrdine‚
291 2415 348 2486 per
383 2384 525 2460 seculum
535 2414 637 2459 unnm
664 2384 885 2460 &dimidium
906 2395 1097 2461 continuati.
1137 2402 1145 2433 ⁴

87 2484 161 2581 ison
177 2506 288 2560 tamen
308 2515 424 2560 omnes
454 2494 489 2559 in
521 2481 705 2565 universum
743 2490 916 2561 Romanos
949 2492 1100 2562 Colonoe

90 2582 179 2660 dacia
207 2578 342 2660 eductos
369 2581 461 2661 fuisse
473 2614 485 2674 3
520 2613 634 2659 verum
662 2584 750 2657 haud
781 2612 903 2683 paucos
938 2585 1101 2662 inferioris

92 2678 171 2757 sortis
202 2691 239 2758 in
260 2683 376 2759 eadem
399 2680 594 2766 remansrsse‚
614 2682 766 2757 hodierni
788 2687 924 2757 Valachi
964 2684 1102 2759 denton-

90 2779 194 2873 slrant3
218 2791 337 2883 quippe
374 2811 456 2883 quos
502 2789 652 2884 reliquias
681 2786 907 2859 Coloniarum
932 2788 1099 2858 Romana·

89 2878 251 2965 ramesse,
276 2888 438 2977 &lingva
464 2885 497 2952 d(
521 2908 660 2963 nomen,
696 2908 763 2981 qno
781 2878 883 2955 semet
913 2879 998 2978 ipsos
1028 2881 1100 2956 infi-

87 2989 169 3077 gnite
190 2977 307 3064 solent,
331 2980 516 3057 ostendunt.
568 2986 753 3083 Commiptti
782 2977 902 3063 scilicet
931 2987 977 3051 illi
1002 2985 1100 3079 quis

38 3081 51 3177 l
85 3080 248 3181 indigenis,
282 3088 336 3182 qui
367 3087 403 3153 in
440 3078 587 3155 instituta-
610 3084 647 3151 ἀ
681 3104 793 3157 mores
825 3106 943 3153 eorum
974 3090 1100 3180 penitus

84 3187 279 3261 transierant,
301 3184 385 3254 inter
408 3206 466 3254 eos
491 3174 724 3265 remanserunt,
748 3180 952 3277 barbarisque
984 3185 1098 3253 Natio·

82 3278 168 3352 nibus
185 3285 219 3351 in
242 3275 309 3352 dies
325 3274 436 3365 'magis
457 3278 647 3355 irruentibus
678 3276 840 3357 cedentes,
872 3276 912 3351 ad
932 3298 1102 3357 montana

79 3376 186 3452 Dacia
207 3383 295 3460 loca,
313 3365 586 3480 qnae⁹hodietnrm
604 3384 703 3451 etiam
724 3373 900 3475 possident,
922 3372 987 3449 sese
1010 3406 1098 3455 rece·

72 3497 204 3573 pertint.
260 3479 367 3576 Confr.
390 3475 549 3553 Kotelerii
575 3480 687 3551 Aurar.
708 3482 782 3578 Cap.
811 3498 926 3578 ηαξ.
941 3492 1013 3569 ‘44

435 3640 440 3652 '
871 3694 874 3699 ·
1004 3658 1044 3747 §—
1063 3680 1131 3755 aa„
