2362 4058
58 118 209 210 Mundi
257 117 375 228 ¹⁶57·
404 79 606 233 usquead
634 124 684 203 A.
702 141 785 224 105⁸
805 148 846 232 p.
861 127 913 208 C·
927 129 979 210 N.
1040 147 1085 238 35

58 318 185 399 eodem
212 315 295 393 dolo
317 312 504 417 superatum
526 310 602 402 effe,
636 315 735 392 refert
755 317 995 409 Jrrstinur‚'dib.
1021 328 1082 399 IX.

60 430 136 522 Cap.
162 441 191 492 r.
221 421 321 491 Sicuti
343 425 450 494 miuus
476 424 575 491 etiarn
589 417 724 502 constat,
745 425 877 520 quinam
891 425 1084 516 Scythanrm

62 520 179 599 fuerint
203 522 265 599 itti,
289 525 343 616 qui
367 523 570 614 Zopyriorra‚
594 516 786 593 Praefedhnu
817 526 913 594 Ponti
947 524 986 593 ab
1011 528 1086 597 Ale·

62 619 187 696 xandro
212 618 373 700 rendum,
395 611 546 691 universo
569 644 646 690 cum
668 627 809 693 exercitu
824 615 986 704 deleviffe,
999 623 1087 720 apud

60 718 201 794 eundem
230 719 424 794 Audtorem
446 715 518 788 Lib.
541 740 591 795 12.
614 725 688 818 Cap.
715 747 748 796 2·
768 718 932 803 dicuntur,
960 726 995 792 du
1018 730 1087 822 qui.

55 848 133 894 nam
157 817 301 915 denique
324 821 384 897 illi,
406 842 488 914 quos
509 813 782 916 equestriqprrelio
805 819 844 891 ab
863 816 936 918 ipso
950 824 1087 896 Alexan·

43 918 119 996 'dro
143 921 199 996 M.
222 912 390 1016 superatos
407 933 516 988 narrat
541 920 683 995 Curtius,
706 916 777 990 Lib.
798 945 831 1017 7.
856 926 930 1022 Cap.
965 947 1000 1015 9.

504 1096 554 1186 d·
579 1104 635 1196 36.

31 1292 34 1297 ’
156 1297 249 1366 inter
286 1297 484 1392 antiquiores
515 1293 669 1367 Thraciae
710 1297 853 1392 populos
892 1285 1087 1369 Herodotus

53 1413 195 1497 gentem
217 1399 368 1466 nominat
399 1393 557 1464 Getarum
592 1390 662 1465 Lib.
687 1399 729 1463 V.
765 1420 885 1494 eosque
919 1423 937 1466 a
970 1400 1087 1477 Dario,

25 1551 27 1554 ψ
53 1514 236 1595 antequam
258 1490 301 1562 ad
322 1489 438 1563 Istrum
459 1499 654 1588 pervenerit,
676 1484 820 1566 devidios
841 1488 904 1565 esse
923 1501 958 1564 in
980 1521 1088 1566 narra·

55 1601 152 1666 tione
189 1589 411 1688 expeditionis
447 1596 531 1662 illius
581 1611 828 1666 commemorat
868 1590 1101 1687 Historiarum.

56 1691 131 1767 Lib.
154 1694 213 1764 lu.
240 1691 435 1777 Scythanrm
458 1696 560 1761 etiarn
583 1694 656 1763 Rex
679 1687 885 1786 Idantiryrsrrs
907 1699 943 1764 in
966 1691 1089 1766 oratio·

58 1817 104 1864 ne
141 1788 182 1862 ad
214 1793 355 1890 reliquos
388 1792 574 1862 vicinorum
602 1795 820 1888 populorum
838 1795 956 1890 Reges,
989 1797 1088 1864 Getas

63 1887 213 1961 confines
224 1886 284 1960 srbi
309 1893 472 1977 nominat,
503 1891 568 1960 loco
589 1898 648 1960 cit.
671 1894 817 1988 &iegati
841 1890 979 1991 denique
1012 1894 1089 1987 Scy·
1150 1919 1154 1927 ’

63 1990 200 2058 tirarurn
218 1985 260 2059 ad
285 1985 510 2085 Alexandrum
532 1984 681 2081 miss'nde
705 1993 852 2063 aTanai
876 1984 1014 2063 flumine
1047 1987 1090 2062 ad

62 2088 250 2160 Thraciam
271 2109 370 2188 usque
399 2086 545 2158 incoi'e're
566 2082 704 2157 nss'erunt
728 2088 815 2182 apud
841 2092 1004 2169 Curtium,
1017 2088 1088 2158 Lib.

60 2190 143 2259 vn.
167 2191 241 2286 Cap.
266 2210 302 2277 9³
327 2187 378 2258 Ex
400 2180 487 2257 hisce
507 2184 658 2257 omnibus
682 2182 808 2281 liquido
832 2178 968 2259 constat,
992 2186 1090 2256 Getae

10 2352 12 2357 ,
55 2286 235 2367 Thracieae
256 2290 393 2382 originis
405 2278 591 2382 populurm'
604 2283 836 2383 antiquioribus
858 2286 1091 2381 illisternpori·

53 2385 120 2467 bus
141 2386 190 2473 c'is
226 2381 344 2456 Istrum
368 2377 548 2469 incolume,
570 2411 631 2458 nec
651 2381 746 2457 facile
770 2411 788 2455 a
813 2377 1012 2482 Massagetis,
1037 2389 1093 2482 qui

57 2483 104 2557 ad
133 2487 298 2581 Caspium¹
324 2486 422 2575 Mare
443 2502 531 2556 trans
555 2487 697 2563 Araxen,
725 2501 779 2556 aut
799 2487 1010 2580 Timagene,
1036 2488 1092 2582 qui
1136 2525 1139 2529 «

59 2579 158 2683 supra
182 2580 407 2677 Borpstenenn
444 2604 498 2657 aut
514 2579 724 2683 Thiffagetis‚
749 2590 804 2683 qui
827 2577 922 2681 supra
943 2585 1091 2654 Tanaim

59 2685 101 2754 ab
126 2690 194 2756 anti
217 2688 266 2753 uis
287 2685 495 2782 Geographis
521 2688 696 2765 iocamur,
720 2700 756 2755 ut
783 2709 802 2755 a
829 2679 1022 2784 qmbusdam
1042 2677 1091 2758 fu·

57 2783 153 2864 uun
172 2709 243 2866 ed,
274 2778 414 2883 derivari
434 2772 541 2883 pod'e.
638 2892 641 2897 y
717 2852 720 2865 ,

517 2967 552 3064 d·
579 2986 637 3062 37·
749 2983 752 2993 ’

157 3160 371 3260 sequentibus
391 3183 475 3236 nrox
498 3157 699 3330 temporibus
721 3129 814 3233 Gerae
835 3153 883 3230 issi
900 3159 978 3231 'loca
1001 3156 1092 3229 habi·

56 3263 196 3332 tationis
219 3277 308 3332 trans
337 3258 455 3334 Istrum
491 3261 559 3362 quar
573 3286 673 3342 ruere,
705 3265 824 3359 quipe
858 3254 899 3349 ad
935 3265 1022 3353 cujus
1056 3283 1092 3328 u·

43 3376 217 3460 ,trurnque
251 3364 331 3432 latus
361 3349 477 3432 Strabo
513 3360 706 3461 Geograph.
741 3284 811 3430 ΜΣ.
837 3357 914 3430 VII.
950 3354 1091 3430 eosdem

52 3465 129 3561 jam
161 3455 294 3556 pridem
329 3451 498 3535 incoluiffe
527 3456 641 3533 refert·
689 3459 786 3528 Certe
816 3475 889 3531 unte
920 3454 1092 3530 Herodoti

54 3563 165 3637 otiam
198 3568 363 3661 tempora,
396 3563 495 3635 Getas
519 3551 602 3735 [ἔρα
636 3573 723 3652 trans
748 3553 866 3636 lssrum
889 3547 1091 3635 commeasse

243 3712 248 3721 ι
564 3682 606 3735 u
727 3686 732 3699 *
992 3674 1096 3722 aero*

361 3890 364 3897 l
415 3831 419 3875 1
